@misc{biodiesel24,
  author = {{Agência Nacional do Petróleo, Gás Natural e Biocombustíveis, Ministério de Minas e Energia, Governo Federal do Brasil}},
  title  = {Preços de produtores e importadores de derivados de petróleo e biodiesel},
  year   = {2024},
  url    = {https://www.gov.br/anp/pt-br/assuntos/precos-e-defesa-da-concorrencia/precos/precos-de-produtores-e-importadores-de-derivados-de-petroleo-e-biodiesel}
}

@misc{lei12527,
  author = {{Presidência da República}},
  title  = {Lei nº 12.527, de 18 de novembro de 2011},
  year   = {2011},
  url    = {https://www.planalto.gov.br/ccivil\_03/\_Ato2011-2014/2011/Lei/L12527.htm}
}

@misc{lei14993,
  author = {{Presidência da República}},
  title  = {Lei nº 14.993, de 8 de outubro de 2024},
  year   = {2024},
  url    = {https://www.planalto.gov.br/ccivil\_03/\_ato2023-2026/2024/lei/L14993.htm}
}

@misc{senadonoticias,
  author = {{Agência Senado}},
  title = {Lei que incentiva "combustíveis do futuro" é sancionada com vetos},
  year = {2024},
  url = {https://www12.senado.leg.br/noticias/materias/2024/10/10/lei-que-incentiva-combustiveis-do-futuro-e-sancionada-com-vetos},
  note = {Acesso em: 8 nov. 2024}
}


@misc{saha2024,
  author = {Dipan Saha},
  title  = {Machine Learning: Training Set, Validation Set, and Test Set},
  year   = {2024},
  url    = {https://medium.com/@dipan.saha/machine-learning-training-set-validation-set-and-test-set-48d10ca389db},
  note   = {Acesso em: 2024-06-20}
}

@misc{souza2020,
  author = {Carlos Eduardo Souza},
  title  = {Séries temporais com Machine Learning},
  year   = {2020},
  url    = {https://medium.com/data-hackers/s%C3%A9ries-temporais-com-machine-learning-parte-1-e8fa62b82d48},
  note   = {Acesso em: 2024-06-20}
}

@article{Lacerda2020,
  doi       = {10.21105/joss.02384},
  url       = {https://doi.org/10.21105/joss.02384},
  year      = {2020},
  publisher = {The Open Journal},
  volume    = {5},
  number    = {54},
  pages     = {2384},
  author    = {Wilson Rocha Lacerda Junior and Luan Pascoal Costa da Andrade and Samuel Carlos Pessoa Oliveira and Samir Angelo Milani Martins},
  title     = {SysIdentPy: A Python package for System Identification using NARMAX models},
  journal   = {Journal of Open Source Software}
}

@phdthesis{Faier11,
  author  = {José Márcio Faier},
  title   = {Análise de Componentes Independentes para Monitoração da Qualidade de Dados em Séries Temporais},
  school  = {Universidade Federal do Rio de Janeiro},
  year    = {2011},
  address = {Rio de Janeiro},
  url     = {http://pee.ufrj.br/teses/textocompleto/2011063001.pdf},
  note    = {Acesso em 20 de maio de 2023}
}

@phdthesis{Dantas07,
  author  = {Augusto Cesar Heluy Dantas},
  title   = {Sistema de Monitoração de Qualidade de Dados},
  school  = {Universidade Federal do Rio de Janeiro},
  year    = {2007},
  address = {Rio de Janeiro},
  url     = {http://www.pee.ufrj.br/index.php/en/producoes-academica/teses-de-doutorado/2007/2007053001-2007053001/file},
  note    = {Acesso em 20 de maio de 2023}
}

@phdthesis{Araujo16,
  author  = {Ricardo de Andrade Araújo},
  title   = {Mercado de Ações Brasileiro em Alta-Frequência: Evidências de sua Previsibilidade com Modelagem Morfológica-Linear},
  school  = {Universidade Federal de Pernambuco},
  year    = {2016},
  address = {Recife},
  url     = {https://repositorio.ufpe.br/bitstream/123456789/17924/1/RicardoDeAndradeAraujo.pdf},
  note    = {Acesso em 20 de maio de 2023}
}

@misc{oracle_mape,
  author = {Oracle},
  title  = {MAPE: Mean Absolute Percentage Error},
  url    = {https://docs.oracle.com/cloud/help/pt\_BR/pbcs\_common/PFUSU/insights\_metrics\_MAPE.htm\#PFUSU-GUID-C33B0F01-83E9-468B-B96C-413A12882334},
  note   = {Acessado em 19 de agosto de 2024}
}

@misc{filho_mape,
  author = {Mário Filho},
  title  = {MAPE: Erro Absoluto Percentual Médio em Machine Learning},
  year   = {2023},
  url    = {https://mariofilho.com/mape-erro-absoluto-percentual-medio-em-machine-learning/\#como-interpretar-o-mape},
  note   = {Acessado em 19 de agosto de 2024}
}

@misc{datahackers_regressao,
  author = {Data Hackers},
  title  = {Prevendo Números: Entendendo Métricas de Regressão},
  year   = {2023},
  url    = {https://medium.com/data-hackers/prevendo-n%C3%BAmeros-entendendo-m%C3%A9tricas-de-regress%C3%A3o-35545e011e70\#:\~:text=O%20erro%20quadr%C3%A1tico%20m%C3%A9dio%20(MSE,diferen%C3%A7a%20%C3%A9%20elevada%20ao%20quadrado.},
  note   = {Acessado em: 19-ago-2024}
}

@article{theil_forecast,
  author  = {B. Theil},
  title   = {Understanding the Construction and Interpretation of Forecast Evaluation Statistics Using Computer-Based Tutorial Exercises},
  journal = {Journal of Forecasting},
  year    = {1992},
  volume  = {11},
  number  = {2}
}

@misc{geeksforgeeks_scaler,
  author = {GeeksforGeeks},
  title  = {Data Pre-processing with Sklearn Using Standard and MinMax Scaler},
  year   = {2023},
  url    = {https://www.geeksforgeeks.org/data-pre-processing-wit-sklearn-using-standard-and-minmax-scaler/},
  note   = {Acessado em: 19-ago-2024}
}



@article{Hirakuri10,
  title   = {Avaliação da relação entre soja e produção de biodiesel},
  author  = {MARCELO HIROSHI HIRAKURI and JOELSIO JOSÉ LAZZAROTTO and MÁRCIO TURRA DE ÁVILA},
  journal = {CONGRESSO SOCIEDADE BRASILEIRA DE ECONOMIA, ADMINISTRAÇÃO E SOCIOLOGIA RURAL, 48., 2010, Campo Grande, MS. Tecnologias, desenvolvimento e integração social: anais. Campo Grande, MS: SOBER, 2010. Palestra 167},
  year    = {2010}
}

@mastersthesis{Yasin23,
  author  = {Yá-Sin Barcelos Mghazli},
  title   = {Redes Neurais Morfológicas Profundas para Pevisão de Séries Temporais Financeiras},
  school  = {Universidade Federal do Rio de Janeiro},
  year    = {2023},
  address = {Rio de Janeiro}
}

@article{NHiTS22,
  author  = {Cristian Challu and Kin G. Olivares and Boris N. Oreshkin and Federico Garza and Max Mergenthaler-Canseco and Artur Dubrawski},
  title   = {N-HiTS: Neural Hierarchical Interpolation for Time Series Forecasting},
  journal = {arXiv},
  volume  = {6},
  year    = {2022},
  url     = {https://arxiv.org/abs/2201.12886},
  doi     = {10.48550}
}

@article{DLinear22,
  author  = {Ailing Zeng and Muxi Chen and Lei Zhang and Qiang Xu},
  title   = {Are Transformers Effective for Time Series Forecasting?},
  journal = {arXiv},
  volume  = {3},
  year    = {2022},
  url     = {https://arxiv.org/abs/2205.13504v3},
  doi     = {10.48550}
}

@article{JMLR:v23:21-1177,
  author  = {Julien Herzen and Francesco LÃ¤ssig and Samuele Giuliano Piazzetta and Thomas Neuer and LÃ©o Tafti and Guillaume Raille and Tomas Van Pottelbergh and Marek Pasieka and Andrzej Skrodzki and Nicolas Huguenin and Maxime Dumonal and Jan KoÅ›cisz and Dennis Bader and FrÃ©dÃ©rick Gusset and Mounir Benheddi and Camila Williamson and Michal Kosinski and Matej Petrik and GaÃ«l Grosch},
  title   = {Darts: User-Friendly Modern Machine Learning for Time Series},
  journal = {Journal of Machine Learning Research},
  year    = {2022},
  volume  = {23},
  number  = {124},
  pages   = {1-6},
  url     = {http://jmlr.org/papers/v23/21-1177.html}
}

@article{RayTune18,
  title   = {Tune: A Research Platform for Distributed Model Selection and Training},
  author  = {Liaw, Richard and Liang, Eric and Nishihara, Robert
             and Moritz, Philipp and Gonzalez, Joseph E and Stoica, Ion},
  journal = {arXiv preprint arXiv:1807.05118},
  year    = {2018}
}

@inproceedings{optuna_2019,
  title     = {Optuna: A Next-generation Hyperparameter Optimization Framework},
  author    = {Akiba, Takuya and Sano, Shotaro and Yanase, Toshihiko and Ohta, Takeru and Koyama, Masanori},
  booktitle = {Proceedings of the 25th {ACM} {SIGKDD} International Conference on Knowledge Discovery and Data Mining},
  year      = {2019}
}

@misc{ANPBoletim12_2023,
  author = {{Agência Nacional do Petróleo, Gás Natural e Biocombustíveis, Ministério de Minas e Energia, Governo Federal do Brasil}},
  title  = {Boletim Mensal de Energia - Dezembro/2023},
  year   = {2024},
  url    = {https://www.gov.br/mme/pt-br/assuntos/secretarias/sntep/publicacoes/boletins-mensais-de-energia/boletins/2023-1/portugues}
}

@misc{ANPBoletim01_2024,
  author = {{Agência Nacional do Petróleo, Gás Natural e Biocombustíveis, Ministério de Minas e Energia, Governo Federal do Brasil}},
  title  = {Boletim Mensal de Energia - Janeiro/2024},
  year   = {2024},
  url    = {https://www.gov.br/mme/pt-br/assuntos/secretarias/sntep/publicacoes/boletins-mensais-de-energia/boletins/2024}
}

@misc{biodiesel_def_anp,
  author = {{Agência Nacional do Petróleo, Gás Natural e Biocombustíveis, Ministério de Minas e Energia, Governo Federal do Brasil}},
  title  = {Biodiesel},
  year   = {2024},
  url    = {https://www.gov.br/anp/pt-br/assuntos/producao-e-fornecimento-de-biocombustiveis/biodiesel}
}

@misc{biodiesel_esp_anp,
  author = {{Agência Nacional do Petróleo, Gás Natural e Biocombustíveis, Ministério de Minas e Energia, Governo Federal do Brasil}},
  title  = {Especificação do biodiesel},
  year   = {2024},
  url    = {https://www.gov.br/anp/pt-br/assuntos/producao-e-fornecimento-de-biocombustiveis/biodiesel/biodiesel/especificacao-do-biodiesel}
}

@misc{ANP910_2022,
  author = {{Agência Nacional do Petróleo, Gás Natural e Biocombustíveis, Ministério de Minas e Energia, Governo Federal do Brasil}},
  title  = {Resolução ANP nº 910, de 18 de novembro de 2022},
  year   = {2022},
  url    = {https://atosoficiais.com.br/anp/resolucao-n-910-2022-dispoe-sobre-a-previa-anuencia-da-anp-para-o-uso-experimental-ou-especifico-de-biodiesel-ou-de-sua-mistura-com-oleo-diesel-a-oleo-diesel-bx-em-quantidade-superior-ao-percentual-de-adicao-de-biodiesel-obrigatoria}
}


@article{g12020,
  title   = {Com oferta limitada, Brasil reduz mistura de biodiesel para novembro e dezembro},
  author  = {{Reuters}},
  year    = {2020},
  month   = {10},
  day     = {8},
  journal = {G1 Globo},
  url     = {https://g1.globo.com/economia/noticia/2020/10/08/com-oferta-limitada-brasil-reduz-mistura-de-biodiesel-para-novembro-e-dezembro.ghtml}
}

@book{box2016time,
  title     = {Time Series Analysis: Forecasting and Control},
  author    = {Box, George E. P. and Jenkins, Gwilym M. and Reinsel, Gregory C. and Ljung, Greta M.},
  edition   = {5},
  year      = {2016},
  publisher = {Wiley},
  address   = {Hoboken, NJ}
}

@article{silva2023biodiesel,
  author  = {Fabiano Rosa da Silva and Francis Josiane Liana Baumgardt da Silva and Rosângela de Souza Santos and Mayara de Lima Mendes and Benhurt Gongora and Fabio da Silva Lisboa and Rodrigo Sequinel},
  title   = {O biodiesel no Brasil: Uma análise da produção, consumo e perspectivas na transição energética},
  journal = {Research, Society and Development},
  volume  = {12},
  number  = {11},
  pages   = {e43121143670},
  year    = {2023},
  issn    = {2525-3409},
  doi     = {10.33448/rsd-v12i11.43670},
  url     = {http://dx.doi.org/10.33448/rsd-v12i11.43670},
  note    = {CC BY 4.0}
}

@misc{totalenergies_biodiesel,
  author = {{TotalEnergies}},
  title  = {O que é Biodiesel? Vantagens e Desvantagens},
  year   = {2024},
  url    = {https://totalenergies.com.br/o-que-e-biodiesel-vantagens-e-desvantagens},
  note   = {Acesso em: 20 ago. 2024}
}

@misc{infomoney_cesta_basica,
  author = {{InfoMoney}},
  title  = {O que é uma cesta básica?},
  year   = {2024},
  url    = {https://www.infomoney.com.br/consumo/o-que-e-uma-cesta-basica/},
  note   = {Acesso em: 20 ago. 2024}
}

@misc{canalrural_biodiesel,
  author = {{Canal Rural}},
  title  = {Biodiesel: setor diz que está pronto para atender mistura de 20\%},
  year   = {2024},
  url    = {https://www.canalrural.com.br/economia/biodiesel-setor-diz-que-esta-pronto-para-atender-mistura-de-20/},
  note   = {Acesso em: 20 ago. 2024}
}

@misc{vasconcelos2024_distribuicao_normal,
  author = {Matheus Vasconcelos},
  title  = {Distribuição normal e classe Standard Scaler da biblioteca Scikit-learn em Python. Por que padronizar/normalizar os dados?},
  year   = {2024},
  url    = {https://medium.com/@mhvasconcelos/distribui\%C3\%A7\%C3\%A3o-normal-e-a-biblioteca-standard-scaler-em-python-f21c52070c6b},
  note   = {Acesso em: 20 ago. 2024}
}

@book{haykin1998neural,
  title     = {Neural Networks: A Comprehensive Foundation},
  author    = {Haykin, Simon},
  year      = {1998},
  publisher = {Prentice Hall},
  address   = {New Jersey}
}

@article{zheng2017forecasting,
  title   = {Forecasting with deep learning: A review},
  author  = {Zheng, Zhaoyang and Zhang, Yanzhao and Liu, Weiming and Chen, Ying and Zhou, Yi},
  journal = {arXiv preprint arXiv:1704.02971},
  year    = {2017},
  url     = {https://arxiv.org/pdf/1704.02971}
}


@book{minsky1969perceptrons,
  title     = {Perceptrons: An Introduction to Computational Geometry},
  author    = {Minsky, Marvin and Papert, Seymour},
  year      = {1969},
  publisher = {MIT Press},
  address   = {Cambridge, MA}
}

@incollection{rumelhart1986learning,
  title     = {Learning representations by back-propagating errors},
  author    = {Rumelhart, David E and Hinton, Geoffrey E and Williams, Ronald J},
  booktitle = {Nature},
  pages     = {533--536},
  year      = {1986},
  publisher = {Springer},
  doi       = {10.1038/323533a0}
}


@article{rosenblatt1958perceptron,
  title     = {The perceptron: A probabilistic model for information storage and organization in the brain},
  author    = {Rosenblatt, Frank},
  journal   = {Psychological Review},
  volume    = {65},
  number    = {6},
  pages     = {386--408},
  year      = {1958},
  publisher = {American Psychological Association},
  doi       = {10.1037/h0042519}
}


@article{araujo_morphological_2012,
  title     = {A Morphological Perceptron with Gradient-based Learning for Brazilian Stock Market Forecasting},
  author    = {Araújo, R. A.},
  journal   = {Neural Networks},
  year      = {2012},
  publisher = {Elsevier}
}


@book{hyndman2018forecasting,
  author    = {Hyndman, R.J. and Athanasopoulos, G.},
  title     = {Forecasting: Principles and Practice},
  edition   = {2nd},
  publisher = {OTexts},
  year      = {2018},
  address   = {Melbourne, Australia},
  url       = {https://otexts.com/fpp2},
  note      = {Acesso em: 20/06/2024}
}

@misc{epbr2021,
  author = {{EPBR}},
  title  = {Biodiesel: entenda o novo modelo de comercialização aprovado pela ANP},
  year   = {2021},
  url    = {https://epbr.com.br/biodiesel-entenda-o-novo-modelo-de-comercializacao-aprovado-pela-anp/},
  note   = {Acesso em: 31 jul. 2024}
}


@misc{alves2022desafios,
  author    = {Lucilio Alves and Geraldo Sant'Ana de Camargo Barros},
  title     = {Desafios da precificação no mercado de biodiesel brasileiro},
  year      = {2022},
  month     = feb,
  day       = {8},
  publisher = {Centro de Estudos Avançados em Economia Aplicada (CEPEA)},
  url       = {https://www.cepea.esalq.usp.br/br/opiniao-cepea/desafios-da-precificacao-no-mercado-de-biodiesel-brasileiro-1.aspx}
}


@misc{maniezo2022serie,
  author = {Rafael Maniezo P Souza},
  title  = {O que é série temporal?},
  year   = {2022},
  month  = {Março},
  url    = {https://estatjr.com.br/2022/03/25/o-que-e-serie-temporal/},
  note   = {Acesso em: 20/06/2024}
}
}

@misc{energia_renovavel,
  title   = {Qual a importância da energia renovável},
  author  = {AMB Science},
  year    = {2024},
  url     = {https://ambscience.com/energia-renovavel/},
  urldate = {2024-07-31}
}

@book{haykin2009neural,
  title     = {Neural networks and learning machines},
  author    = {Haykin, Simon},
  volume    = {3},
  year      = {2009},
  publisher = {Pearson Upper Saddle River, NJ, USA}
}

@misc{worldbank2024,
  author = {{World Bank}},
  title  = {Historical Data: Monthly},
  year   = {2024},
  url    = {https://thedocs.worldbank.org/en/doc/5d903e848db1d1b83e0ec8f744e55570-0350012021/related/CMO-Historical-Data-Monthly.xlsx},
  note   = {Acesso em: 31 jul. 2024}
}

@misc{indexmundi_soybean_oil,
  author       = {{IndexMundi}},
  title        = {Soybean Oil Monthly Price - IndexMundi},
  howpublished = {\url{https://www.indexmundi.com/commodities/?commodity=soybean-oil&months=360}},
  note         = {Acesso em: 2024-07-31}
}

@article{hurst1951,
  author    = {Hurst, H. E.},
  title     = {Long-term storage capacity of reservoirs},
  journal   = {Transactions of the American Society of Civil Engineers},
  volume    = {116},
  pages     = {770--799},
  year      = {1951},
  publisher = {American Society of Civil Engineers}
}
